% Generated by Paperpile. Check out https://paperpile.com for more information.
% BibTeX export options can be customized via Settings -> BibTeX.

@ARTICLE{Stanek2020-pa,
  title     = "{Prot2HG}: a database of protein domains mapped to the human
               genome",
  author    = "Stanek, David and Bis-Brewer, Dana M and Saghira, Cima and
               Danzi, Matt C and Seeman, Pavel and Lassuthova, Petra and
               Zuchner, Stephan",
  journal   = "Database",
  publisher = "academic.oup.com",
  volume    =  2020,
  month     =  jan,
  year      =  2020,
  language  = "en"
}

@ARTICLE{Speidel2019-nj,
  title     = "A method for genome-wide genealogy estimation for thousands of
               samples",
  author    = "Speidel, Leo and Forest, Marie and Shi, Sinan and Myers, Simon R",
  journal   = "Nat. Genet.",
  publisher = "Nature Publishing Group",
  volume    =  51,
  number    =  9,
  pages     = "1321--1329",
  month     =  sep,
  year      =  2019,
  language  = "en"
}

@ARTICLE{Haldane1930-tt,
  title     = "A Note on Fisher's Theory of the Origin of Dominance, and on a
               Correlation between Dominance and Linkage",
  author    = "Haldane, J B S",
  journal   = "Am. Nat.",
  publisher = "The University of Chicago Press",
  volume    =  64,
  number    =  690,
  pages     = "87--90",
  month     =  jan,
  year      =  1930
}

@ARTICLE{Kacser1981-nc,
  title    = "The molecular basis of dominance",
  author   = "Kacser, H and Burns, J A",
  journal  = "Genetics",
  volume   =  97,
  number   = "3-4",
  pages    = "639--666",
  month    =  mar,
  year     =  1981,
  language = "en"
}

@ARTICLE{Huber2018-cp,
  title     = "Gene expression drives the evolution of dominance",
  author    = "Huber, Christian D and Durvasula, Arun and Hancock, Angela M and
               Lohmueller, Kirk E",
  journal   = "Nat. Commun.",
  publisher = "nature.com",
  volume    =  9,
  number    =  1,
  pages     = "2750",
  month     =  jul,
  year      =  2018,
  language  = "en"
}

@ARTICLE{Steinberg2016-is,
  title     = "Shifting Fitness and Epistatic Landscapes Reflect Trade-offs
               along an Evolutionary Pathway",
  author    = "Steinberg, Barrett and Ostermeier, Marc",
  journal   = "J. Mol. Biol.",
  publisher = "Elsevier",
  volume    =  428,
  number    =  13,
  pages     = "2730--2743",
  month     =  jul,
  year      =  2016,
  language  = "en"
}

@ARTICLE{Romero2009-yi,
  title     = "Exploring protein fitness landscapes by directed evolution",
  author    = "Romero, Philip A and Arnold, Frances H",
  journal   = "Nat. Rev. Mol. Cell Biol.",
  publisher = "nature.com",
  volume    =  10,
  number    =  12,
  pages     = "866--876",
  month     =  dec,
  year      =  2009,
  language  = "en"
}

@ARTICLE{Barton1998-lu,
  title    = "Why sex and recombination?",
  author   = "Barton, N H and Charlesworth, B",
  journal  = "Science",
  volume   =  281,
  number   =  5385,
  pages    = "1986--1990",
  month    =  sep,
  year     =  1998,
  language = "en"
}

@MISC{Kondrashov1982-sf,
  title   = "Selection against harmful mutations in large sexual and asexual
             populations",
  author  = "Kondrashov, Alexey S",
  journal = "Genetical Research",
  volume  =  40,
  number  =  3,
  pages   = "325--332",
  year    =  1982
}

@ARTICLE{Kimura1966-gc,
  title    = "The mutational load with epistatic gene interactions in fitness",
  author   = "Kimura, M and Maruyama, T",
  journal  = "Genetics",
  volume   =  54,
  number   =  6,
  pages    = "1337--1351",
  month    =  dec,
  year     =  1966,
  language = "en"
}

@ARTICLE{Barton1995-mj,
  title    = "Linkage and the limits to natural selection",
  author   = "Barton, N H",
  journal  = "Genetics",
  volume   =  140,
  number   =  2,
  pages    = "821--841",
  month    =  jun,
  year     =  1995,
  language = "en"
}

@ARTICLE{Birky1988-jm,
  title    = "Effects of linkage on rates of molecular evolution",
  author   = "Birky, Jr, C W and Walsh, J B",
  journal  = "Proc. Natl. Acad. Sci. U. S. A.",
  volume   =  85,
  number   =  17,
  pages    = "6414--6418",
  month    =  sep,
  year     =  1988,
  language = "en"
}

@ARTICLE{Bershtein2006-bk,
  title     = "Robustness--epistasis link shapes the fitness landscape of a
               randomly drifting protein",
  author    = "Bershtein, Shimon and Segal, Michal and Bekerman, Roy and
               Tokuriki, Nobuhiko and Tawfik, Dan S",
  journal   = "Nature",
  publisher = "Nature Publishing Group",
  volume    =  444,
  number    =  7121,
  pages     = "929--932",
  month     =  nov,
  year      =  2006,
  language  = "en"
}

@ARTICLE{Golding1984-pu,
  title    = "The sampling distribution of linkage disequilibrium",
  author   = "Golding, G B",
  journal  = "Genetics",
  volume   =  108,
  number   =  1,
  pages    = "257--274",
  month    =  sep,
  year     =  1984,
  language = "en"
}

@ARTICLE{Good2020-wj,
  title    = "Linkage disequilibrium between rare mutations",
  author   = "Good, Benjamin H",
  journal  = "BioRxiv",
  volume   = "doi",
  number   = "10.1101/2020.12.10.420042",
  pages    = "10.1101/2020.12.10.420042",
  month    =  dec,
  year     =  2020,
  language = "en"
}

@ARTICLE{Callahan2011-ac,
  title     = "Correlated evolution of nearby residues in Drosophilid proteins",
  author    = "Callahan, Benjamin and Neher, Richard A and Bachtrog, Doris and
               Andolfatto, Peter and Shraiman, Boris I",
  journal   = "PLoS Genet.",
  publisher = "journals.plos.org",
  volume    =  7,
  number    =  2,
  pages     = "e1001315",
  month     =  feb,
  year      =  2011,
  language  = "en"
}

@ARTICLE{Hill1968-vu,
  title     = "Linkage disequilibrium in finite populations",
  author    = "Hill, W G and Robertson, A",
  journal   = "Theor. Appl. Genet.",
  publisher = "Springer",
  volume    =  38,
  number    =  6,
  pages     = "226--231",
  month     =  jun,
  year      =  1968,
  language  = "en"
}

@ARTICLE{Hill1966-gv,
  title     = "The effect of linkage on limits to artificial selection",
  author    = "Hill, W G and Robertson, A",
  journal   = "Genet. Res.",
  publisher = "cambridge.org",
  volume    =  8,
  number    =  3,
  pages     = "269--294",
  month     =  dec,
  year      =  1966,
  language  = "en"
}

@ARTICLE{Zhao2016-bb,
  title     = "Resolving the Conflict Between Associative Overdominance and
               Background Selection",
  author    = "Zhao, Lei and Charlesworth, Brian",
  journal   = "Genetics",
  publisher = "academic.oup.com",
  volume    =  203,
  number    =  3,
  pages     = "1315--1334",
  month     =  jul,
  year      =  2016,
  language  = "en"
}

@ARTICLE{Turelli2000-kz,
  title     = "Dominance, epistasis and the genetics of postzygotic isolation",
  author    = "Turelli, M and Orr, H A",
  journal   = "Genetics",
  publisher = "academic.oup.com",
  volume    =  154,
  number    =  4,
  pages     = "1663--1679",
  month     =  apr,
  year      =  2000,
  language  = "en"
}

@ARTICLE{Sandler2020-vk,
  title    = "Using Patterns of Signed Linkage Disequilibria to Test for
              Epistasis in Flies and Plants",
  author   = "Sandler, George and Wright, Stephen I and Agrawal, Aneil F",
  journal  = "BioRxiv",
  volume   = "doi",
  number   = "10.1101/2020.11.25.399030",
  pages    = "10.1101/2020.11.25.399030",
  month    =  nov,
  year     =  2020,
  language = "en"
}

@ARTICLE{Hallgrimsdottir2008-sq,
  title     = "A complete classification of epistatic two-locus models",
  author    = "Hallgr{\'\i}msd{\'o}ttir, Ingileif B and Yuster, Debbie S",
  journal   = "BMC Genet.",
  publisher = "Springer",
  volume    =  9,
  pages     = "17",
  month     =  feb,
  year      =  2008,
  language  = "en"
}

@UNPUBLISHED{Garcia2020-zn,
  title    = "Negative linkage disequilibrium between amino acid changing
              variants reveals interference among deleterious mutations in the
              human genome",
  author   = "Garcia, Jesse A and Lohmueller, Kirk E",
  journal  = "Cold Spring Harbor Laboratory",
  pages    = "2020.01.15.907097",
  month    =  jan,
  year     =  2020,
  language = "en"
}

@ARTICLE{Clark1998-kq,
  title     = "Mutation-selection balance with multiple alleles",
  author    = "Clark, A G",
  journal   = "Genetica",
  publisher = "Springer",
  volume    = "102-103",
  number    = "1-6",
  pages     = "41--47",
  year      =  1998,
  language  = "en"
}

@ARTICLE{Ohta1971-yd,
  title     = "Linkage disequilibrium between two segregating nucleotide sites
               under the steady flux of mutations in a finite population",
  author    = "Ohta, T and Kimura, M",
  journal   = "Genetics",
  publisher = "ncbi.nlm.nih.gov",
  volume    =  68,
  number    =  4,
  pages     = "571--580",
  month     =  aug,
  year      =  1971,
  language  = "en"
}

@ARTICLE{Ohta1969-ie,
  title     = "Linkage disequilibrium at steady state determined by random
               genetic drift and recurrent mutation",
  author    = "Ohta, T and Kimura, M",
  journal   = "Genetics",
  publisher = "ncbi.nlm.nih.gov",
  volume    =  63,
  number    =  1,
  pages     = "229--238",
  month     =  sep,
  year      =  1969,
  language  = "en"
}

@ARTICLE{Hudson2001-sg,
  title     = "Two-locus sampling distributions and their application",
  author    = "Hudson, R R",
  journal   = "Genetics",
  publisher = "academic.oup.com",
  year      =  2001
}

@ARTICLE{Charlesworth1990-kw,
  title     = "Mutation-selection balance and the evolutionary advantage of sex
               and recombination",
  author    = "Charlesworth, B",
  journal   = "Genet. Res.",
  publisher = "cambridge.org",
  volume    =  55,
  number    =  3,
  pages     = "199--221",
  month     =  jun,
  year      =  1990,
  language  = "en"
}

@ARTICLE{Kondrashov1995-va,
  title     = "Dynamics of unconditionally deleterious mutations: Gaussian
               approximation and soft selection",
  author    = "Kondrashov, A S",
  journal   = "Genet. Res.",
  publisher = "cambridge.org",
  volume    =  65,
  number    =  2,
  pages     = "113--121",
  month     =  apr,
  year      =  1995,
  language  = "en"
}

@ARTICLE{Sohail2017-zq,
  title     = "Negative selection in humans and fruit flies involves
               synergistic epistasis",
  author    = "Sohail, M and Vakhrusheva, O A and Sul, J H and Pulit, S L and
               {others}",
  publisher = "science.sciencemag.org",
  year      =  2017
}

@ARTICLE{1000_Genomes_Project_Consortium2015-zq,
  title     = "A global reference for human genetic variation",
  author    = "{1000 Genomes Project Consortium} and Auton, Adam and Brooks,
               Lisa D and Durbin, Richard M and Garrison, Erik P and Kang, Hyun
               Min and Korbel, Jan O and Marchini, Jonathan L and McCarthy,
               Shane and McVean, Gil A and Abecasis, Gon{\c c}alo R",
  journal   = "Nature",
  publisher = "nature.com",
  volume    =  526,
  number    =  7571,
  pages     = "68--74",
  month     =  oct,
  year      =  2015,
  language  = "en"
}

@ARTICLE{Ragsdale2019-nt,
  title    = "Models of archaic admixture and recent history from two-locus
              statistics",
  author   = "Ragsdale, Aaron P and Gravel, Simon",
  journal  = "PLoS Genet.",
  volume   =  15,
  number   =  6,
  pages    = "e1008204",
  month    =  jun,
  year     =  2019,
  language = "en"
}

@ARTICLE{Ragsdale2020-nz,
  title    = "Unbiased Estimation of Linkage Disequilibrium from Unphased Data",
  author   = "Ragsdale, Aaron P and Gravel, Simon",
  journal  = "Mol. Biol. Evol.",
  volume   =  37,
  number   =  3,
  pages    = "923--932",
  month    =  mar,
  year     =  2020,
  language = "en"
}

@ARTICLE{Ragsdale2017-gg,
  title    = "Inferring Demographic History Using {Two-Locus} Statistics",
  author   = "Ragsdale, Aaron P and Gutenkunst, Ryan N",
  journal  = "Genetics",
  volume   =  206,
  number   =  2,
  pages    = "1037--1048",
  month    =  jun,
  year     =  2017,
  language = "en"
}

@ARTICLE{Jouganous2017-pq,
  title    = "Inferring the Joint Demographic History of Multiple Populations:
              Beyond the Diffusion Approximation",
  author   = "Jouganous, Julien and Long, Will and Ragsdale, Aaron P and
              Gravel, Simon",
  journal  = "Genetics",
  volume   =  206,
  number   =  3,
  pages    = "1549--1567",
  month    =  jul,
  year     =  2017,
  language = "en"
}
